
%% Created for Jakob Suckale at 2007-09-06 11:30:44 +0200 


%% Saved with string encoding Unicode (UTF-8) 

%%%%Lista de prefijos usados
% pr - paper
% gl - glosario
% bk - libros
% cr - referencias al crowdfunding
% ot - otros

// ANDERSON
@article{Berger2017,
  author  = {Berger, M. and Szalewski, L. and Szkutnik, J. and Ginszt, M. and Ginszt, A.},
  title   = {Different association between specific manifestations of bruxism and temporomandibular disorder pain},
  journal = {Neurologia i Neurochirurgia Polska},
  volume  = {51},
  number  = {1},
  pages   = {7--11},
  year    = {2017},
  doi     = {10.1016/j.pjnns.2016.08.008}
}

@article{Bulanda2021,
  author    = {Bulanda, S. and Ilczuk-Rypuła, D. and Nitecka-Buchta, A. and Nowak, Z. and Baron, S. and Postek-Stefańska, L.},
  title     = {Sleep bruxism in children: Etiology, diagnosis and treatment—a literature review},
  journal   = {International Journal of Environmental Research and Public Health},
  volume    = {18},
  number    = {18},
  pages     = {9544},
  year      = {2021},
  publisher = {MDPI},
  doi       = {10.3390/ijerph18189544}
}

@article{Camoin2017,
  author  = {Camoin, A. and Tardieu, C. and Blanchet, I. and Orthlieb, J. D.},
  title   = {Sleep bruxism in children},
  journal = {Archives de Pediatrie},
  volume  = {24},
  number  = {7},
  pages   = {659--666},
  year    = {2017},
  doi     = {10.1016/j.arcped.2017.04.005}
}

@article{Chisini2020,
  author  = {Chisini, L. A. and San Martin, A. S. and Cademartori, M. G. and Boscato, N. and Correa, M. B. and Goettems, M. L.},
  title   = {Interventions to reduce bruxism in children and adolescents: a systematic scoping review and critical reflection},
  journal = {European Journal of Pediatrics},
  volume  = {179},
  number  = {2},
  pages   = {177--189},
  year    = {2020},
  doi     = {10.1007/s00431-019-03549-8}
}

@article{Goettems2017,
  author  = {Goettems, M. L. and Poletto-Neto, V. and Shqair, A. Q. and Pinheiro, R. T. and Demarco, F. F.},
  title   = {Influence of maternal psychological traits on sleep bruxism in children},
  journal = {International Journal of Paediatric Dentistry},
  volume  = {27},
  number  = {6},
  pages   = {469--475},
  year    = {2017},
  doi     = {10.1111/ipd.12285}
}

@article{Kuhn2018,
  author  = {Kuhn, M. and Türp, J. C. and Türp, J. C. and Myoarthropathien, M. A. A. and Orofazialer Schmerz},
  title   = {Risk factors for bruxism},
  journal = {Swiss Dental Journal},
  volume  = {128},
  year    = {2018},
  url     = {https://www.swissdentaljournal.org/fileadmin/upload_sso/2_Zahnaerzte/2_SDJ/SDJ_2018/SDJ_2_2018/SDJ_2018-02_research.pdf}
}

@article{Lobbezoo2018,
  author  = {Lobbezoo, F. and Ahlberg, J. and Raphael, K. G. and Wetselaar, P. and Glaros, A. G. and Kato, T. and Santiago, V. and Winocur, E. and de Laat, A. and de Leeuw, R. and Koyano, K. and Lavigne, G. J. and Svensson, P. and Manfredini, D.},
  title   = {International consensus on the assessment of bruxism: Report of a work in progress},
  journal = {Journal of Oral Rehabilitation},
  volume  = {45},
  number  = {11},
  pages   = {837--844},
  year    = {2018},
  doi     = {10.1111/joor.12663}
}

@article{Vieira2020,
  author  = {Vieira, A. R. and Scariot, R. and Gerber, J. T. and Arid, J. and Küchler, E. C. and Sebastiani, A. M. and Palinkas, M. and Díaz-Serrano, K. V. and Torres, C. P. and Regalo, S. C. H. and Nelson-Filho, P. and Bussaneli, D. G. and Deeley, K. and Modesto, A.},
  title   = {Bruxism throughout the lifespan and variants in MMP2, MMP9 and COMT},
  journal = {Journal of Personalized Medicine},
  volume  = {10},
  number  = {2},
  pages   = {44},
  year    = {2020},
  doi     = {10.3390/jpm10020044}
}

@book{AmericanAcademy2014,
  author    = {{American Academy of Sleep Medicine}},
  title     = {The International Classification of Sleep Disorders, Revised: Diagnostic and Coding Manual},
  edition   = {3rd},
  publisher = {American Academy of Sleep Medicine},
  year      = {2014},
  address   = {Westchester}
}

@article{Manfredini2013,
  author  = {Manfredini, D. and Restrepo, C. and Diaz-Serrano, K. and Winocur, E. and Lobbezoo, F.},
  title   = {Prevalence of sleep bruxism in children: a systematic review of the literature},
  journal = {Journal of Oral Rehabilitation},
  volume  = {40},
  number  = {8},
  pages   = {631--642},
  year    = {2013}
}

@article{Shinkai1998,
  author  = {Shinkai, R. S. and Santos, L. M. and Silva, F. A. and Santos, M. N.},
  title   = {Prevalence of nocturnal bruxism 2-11-year-old children},
  journal = {Rev Odontol Univ São Paulo},
  volume  = {12},
  number  = {1},
  pages   = {29--37},
  year    = {1998}
}

@article{Sandoval2016,
  author  = {Sandoval, H. and Fariña, M. P.},
  title   = {Prevalencia de bruxismo del sueño en niños y su relación con los signos de trastornos temporomandibulares y las parafunciones diurnas},
  journal = {International Journal of Odontostomatology},
  volume  = {10},
  number  = {1},
  pages   = {41--47},
  year    = {2016}
}

@article{Lobbezoo1997,
  author  = {Lobbezoo, F. and Lavigne, G. J.},
  title   = {Do bruxism and temporomandibular disorders have a cause-and-effect relationship?},
  journal = {Journal of Orofacial Pain},
  volume  = {11},
  number  = {1},
  pages   = {15--23},
  year    = {1997}
}

@article{Abe1966,
  author  = {Abe, K. and Shimakawa, M.},
  title   = {Genetic and developmental aspects of sleeptalking and teeth-grinding},
  journal = {Acta Paedopsychiatrica},
  volume  = {33},
  number  = {11},
  pages   = {339--344},
  year    = {1966}
}

@article{Luiz2008,
  author  = {Luiz, M. and Luiz, T. and Provenzano, M. and Takahashi, K. and Fracasso, M.},
  title   = {Bruxismo em Odontopediatria},
  journal = {Rev Dens},
  volume  = {16},
  number  = {2},
  pages   = {14--20},
  year    = {2008}
}
@article{Baldeon2014,
  author  = {Baldeón, Cindy S. and del Castillo, César L. and Balarezo, José A. and Evangelista, Alexis A. and Velásquez, José L.},
  title   = {Bruxismo y parasitosis intestinal en niños de 4 a 6 años de edad en La Brea (Talara, Piura) Perú},
  journal = {Revista Estomatológica Herediana},
  volume  = {24},
  number  = {3},
  pages   = {163--170},
  year    = {2014}
}

@article{Delgado2002,
  author  = {Delgado, C.},
  title   = {Relación entre el bruxismo y parasitosis intestinal en niños pre-escolares de 4 a 6 años de CEI N° 301 del Distrito de Buenos Aires, Provincia de Morropón},
  journal = {Tesis pregrado, Universidad Peruana Cayetano Heredia},
  year    = {2002}
}

@article{Cheifetz2005,
  author  = {Cheifetz, A. T. and Osganian, S. K. and Allred, E. M. and Needleman, H. L.},
  title   = {Prevalence of bruxism and associated correlates in children as reported by parents},
  journal = {Journal of Dentistry for Children},
  volume  = {72},
  number  = {2},
  pages   = {67--73},
  year    = {2005}
}

@article{Valera2003,
  author  = {Valera, F. C. and Travitzki, L. V. and Mattar, S. E. and Matsumoto, M. A. and Elias, A. M. and Anselmo-Lima, W. T.},
  title   = {Muscular functional and orthodontic changes in preschool children with enlarged adenoids and tonsils},
  journal = {International Journal of Pediatric Otorhinolaryngology},
  volume  = {67},
  number  = {7},
  pages   = {761--770},
  year    = {2003}
}
@article{Zhao2024,
  author = {Zhao, Xinshen and Zhao, Bo and Kong, Xiangyong and Wang, Ping},
  title  = {Swin-ResNet: Research and Implementation of a Tooth-Marked Tongue Classification Method Combining ResNet-50 and Swin Transformer},
  year   = {2024},
  doi    = {10.1145/3644116.3644271}
}

@article{Tang2020,
  author  = {Tang, Wenjun and Gao, Yuan and Liu, Lei and Xia, Tingwei and He, Li and Zhang, Song and Guo, Jinhong and Li, Weihong and Xu, Qiang},
  title   = {An Automatic Recognition of Tooth-Marked Tongue Based on Tongue Region Detection and Tongue Landmark Detection via Deep Learning},
  journal = {IEEE Access},
  pages   = {1--1},
  year    = {2020},
  doi     = {10.1109/ACCESS.2020.3017725}
}

@article{Jiatuo2024,
  author  = {Jiatuo, Xu and Jiang, Tao and Liu, Shi},
  title   = {Research status and prospect of tongue image diagnosis analysis based on machine learning},
  journal = {Digital Chinese Medicine},
  volume  = {7},
  number  = {1},
  pages   = {3--12},
  year    = {2024},
  doi     = {10.1016/j.dcmed.2024.04.002}
}

@article{Liu2023,
  author  = {Liu, Q. and Li, Y. and Yang, P. and Liu, Q. and Wang, C. and Chen, K. and Wu, Z.},
  title   = {A survey of artificial intelligence in tongue image for disease diagnosis and syndrome differentiation},
  journal = {Digit Health},
  volume  = {9},
  pages   = {20552076231191044},
  year    = {2023},
  doi     = {10.1177/20552076231191044}
}

@article{Jiang2022,
  author  = {Jiang, Tao and Lu, Zhou and Hu, Xiaojuan and Zeng, Lingzhi and Ma, Xuxiang and Huang, Jingbin and Cui, Ji and Tu, Liping and Zhou, Changle and Yao, Xinghua and Xu, Jiatuo},
  title   = {Deep Learning Multi-label Tongue Image Analysis and Its Application in a Population Undergoing Routine Medical Checkup},
  journal = {Evidence-Based Complementary and Alternative Medicine},
  pages   = {1--12},
  year    = {2022},
  doi     = {10.1155/2022/3384209}
}

@article{Feasibility2020,
  title   = {Feasibility Study of Google's Teachable Machine in Diagnosis of Tooth-Marked Tongue},
  journal = {Journal of Dental Hygiene Science},
  volume  = {20},
  number  = {4},
  pages   = {206--212},
  year    = {2020},
  doi     = {10.17135/jdhs.2020.20.4.206}
}

@inproceedings{Kong2020,
  author    = {Kong, X. and Rui, Y. and Dong, X. and Cai, J. and Liu, Y.},
  title     = {Tooth-marked tongue recognition based on Mask Scoring R-CNN},
  booktitle = {Journal of Physics: Conference Series},
  volume    = {1651},
  number    = {1},
  pages     = {012185},
  year      = {2020},
  doi       = {10.1088/1742-6596/1651/1/012185}
}

@article{Tiryaki2024,
  author  = {Tiryaki, B. and Torenek-Agirman, K. and Miloglu, O. et al.},
  title   = {Artificial intelligence in tongue diagnosis: classification of tongue lesions and normal tongue images using deep convolutional neural network},
  journal = {BMC Med Imaging},
  volume  = {24},
  pages   = {59},
  year    = {2024},
  doi     = {10.1186/s12880-024-01234-3}
}

@misc{Rojas2022,
  author = {Rojas León, M. J.},
  title  = {BRUXISMO INDUCIDO POR ESTRÉS},
  year   = {2022},
  note   = {Universidad San Gregorio de Portoviejo},
  url    = {http://repositorio.sangregorio.edu.ec:8080/bitstream/123456789/2905/1/BRUXISMO INDUCIDO POR ESTRÉS.pdf}
}

@article{Zambra2003,
  author  = {Zambra, R. E. and Rodríguez, C. F.},
  title   = {Bruxismo},
  journal = {Av Odontoestomatol},
  volume  = {19},
  pages   = {123--130},
  year    = {2003}
}

@article{vallejo2002bruxismoinfantil,
  title   = {El bruxismo infantil},
  author  = {Vallejo, E. and González, E. and Del Castillo, R.},
  journal = {Odontología Pediátrica},
  volume  = {3},
  pages   = {135--141},
  year    = {2002}
}

@article{vanderas1999catecholaminebruxism,
  title   = {Urinary catecholamine levels and bruxism in children},
  author  = {Vanderas, A. P. and Menenakou, M. and Qouimtzis, T. H.},
  journal = {Journal of Oral Rehabilitation},
  volume  = {2},
  pages   = {103--110},
  year    = {1999}
}

@article{serranegra2009psychosocialbruxism,
  title   = {Influence of psychosocial factors on the development of sleep bruxism among children},
  author  = {Serra-Negra, J. M. and Ramos Jorge, M. L. and Flores-Mendoza, C. E. and Paiva, S. M. and Pordeus, I. A.},
  journal = {International Journal of Paediatric Dentistry},
  volume  = {19},
  pages   = {309--314},
  year    = {2009}
}

@article{vieiraandrade2014sleepbruxism,
  title   = {Prevalence of sleep bruxism and associated factors in preschool children},
  author  = {Vieira-Andrade, R. G. and Drumond, C. L. and Martins-Júnior, P. A. and et al.},
  journal = {Pediatric Dentistry},
  volume  = {36},
  pages   = {46--50},
  year    = {2014}
}

@article{hublin2001parasomniasgenetics,
  title   = {Parasomnias: Co-occurrence and genetics},
  author  = {Hublin, C.},
  journal = {Psychiatric Genetics},
  volume  = {2},
  pages   = {65--70},
  year    = {2001}
}

@article{gutierrez2021bruxismorino,
  title   = {Bruxismo y su relación con otorrinolaringología: una revisión de la literatura},
  author  = {Gutiérrez, R. and et al.},
  journal = {Revista de Otorrinolaringología y Cirugía de Cabeza y Cuello},
  volume  = {81},
  number  = {1},
  pages   = {153--162},
  year    = {2021},
  doi     = {10.4067/S0718-48162021000100153}
}

@book{kim2017matlabdeeplearning,
  title     = {MATLAB Deep Learning},
  author    = {Kim, P.},
  publisher = {Apress},
  year      = {2017},
  location  = {Estados Unidos}
}

@book{szeliski2010computervision,
  title     = {Computer Vision: Algorithms and Applications},
  author    = {Szeliski, R.},
  publisher = {Springer Science \& Business Media},
  year      = {2010}
}

@article{litjens2017deeplearningmedical,
  title   = {Deep learning as a tool for increased accuracy in medical image analysis},
  author  = {Litjens, G. and Kooi, T. and Bejnordi, B. E. and Setio, A. A. A. and Ciompi, F. and Ghafoorian, M. and ... & van der Laak, J. A.},
  journal = {Nature Medicine},
  volume  = {23},
  number  = {9},
  pages   = {1219--1224},
  year    = {2017}
}

@book{marinescu2019mobileappdev,
  title     = {Mobile Application Development: A Practical Guide},
  author    = {Marinescu, D.},
  publisher = {Packt Publishing},
  year      = {2019}
}

@article{kato2001epidemiologybruxism,
  title   = {Epidemiology of bruxism: A review},
  author  = {Kato, T. and Thie, J. and Montplaisir, J. and Lavigne, G. J.},
  journal = {Journal of Dental Research},
  volume  = {80},
  number  = {11},
  pages   = {1785--1794},
  year    = {2001}
}

@article{blanco2014selfreportbruxism,
  title   = {Relationship between self-reported sleep bruxism and pain in patients with temporomandibular disorders},
  author  = {Blanco Aguilera, A. and Gonzalez Lopez, L. and Blanco Aguilera, E. and De la Hoz Aizpurua, J. L. and Rodriguez Torronteras, A. and Segura Saint-Gerons, R. and et al.},
  journal = {Journal of Oral Rehabilitation},
  volume  = {41},
  number  = {8},
  pages   = {564--572},
  year    = {2014},
  doi     = {10.1111/joor.12172}
}

@misc{clinica2018cefalea,
  title  = {Cefalea},
  author = {Clínica Universidad de Navarra},
  year   = {2018},
  url    = {https://www.clinicbarcelona.org/asistencia/enfermedades/cefalea}
}

@misc{dentaid2024sensibilidad,
  title  = {Hipersensibilidad dentinaria},
  author = {Dentaid},
  year   = {2024},
  url    = {https://www.dentaid.es/salud-bucal/sensibilidad-dental}
}

@misc{mayoclinic2024lenguageografica,
  title  = {Lengua geográfica: síntomas y causas},
  author = {Mayo Clinic},
  year   = {2024},
  url    = {https://www.mayoclinic.org/es/diseases-conditions/geographic-tongue/symptoms-causes/syc-20354396}
}

@thesis{lopezpacheco2021redesconv,
  author      = {López Pacheco, M. A.},
  title       = {Redes neuronales convolucionales para el modelado de sistemas no lineales con aplicación al monitoreo de daño estructural},
  type        = {Tesis de maestría},
  institution = {Centro de Investigación y de Estudios Avanzados del Instituto Politécnico Nacional},
  year        = {2021},
  url         = {https://www.ctrl.cinvestav.mx/~yuw/pdf/DoTesMLopez.pdf}
}
@article{cortes1995svm,
  title   = {Support-vector networks},
  author  = {Cortes, C. and Vapnik, V.},
  journal = {Machine Learning},
  volume  = {20},
  number  = {3},
  pages   = {273--297},
  year    = {1995},
  doi     = {10.1007/BF00994018}
}
@article{pan2010survey,
  title   = {A survey on transfer learning},
  author  = {Pan, S. J. and Yang, Q.},
  journal = {IEEE Transactions on Knowledge and Data Engineering},
  volume  = {22},
  number  = {10},
  pages   = {1345--1359},
  year    = {2010},
  doi     = {10.1109/TKDE.2009.191}
}
@article{shorten2019survey,
  title   = {A survey on Image Data Augmentation for Deep Learning},
  author  = {Shorten, C. and Khoshgoftaar, T. M.},
  journal = {Journal of Big Data},
  volume  = {6},
  number  = {1},
  pages   = {1--48},
  year    = {2019},
  doi     = {10.1186/s40537-019-0197-0}
}
@inproceedings{goodfellow2014generative,
  author    = {Goodfellow, I. and Pouget-Abadie, J. and Mirza, M. and Xu, B. and Warde-Farley, D. and Ozair, S. and ... and Courville, A.},
  title     = {Generative adversarial nets},
  booktitle = {Advances in Neural Information Processing Systems},
  volume    = {27},
  year      = {2014},
  url       = {https://arxiv.org/abs/1406.2661}
}
@inproceedings{boureau2010theoretical,
  author    = {Boureau, Y.-L. and Pons, J. and LeCun, Y.},
  title     = {Theoretical analysis of a convolutional neural network},
  booktitle = {Proceedings of the 27th International Conference on Machine Learning},
  volume    = {28},
  pages     = {99--106},
  year      = {2010}
}
@article{srivastava2014dropout,
  author  = {Srivastava, N. and Hinton, G. E. and Krizhevsky, A. and Sutskever, I. and Salakhutdinov, R.},
  title   = {Dropout: A simple way to prevent neural networks from overfitting},
  journal = {Journal of Machine Learning Research},
  volume  = {15},
  number  = {1},
  pages   = {1929--1958},
  year    = {2014}
}
